@article{greenwade93,
    author  = "George D. Greenwade",
    title   = "The {C}omprehensive {T}ex {A}rchive {N}etwork ({CTAN})",
    year    = "1993",
    journal = "TUGBoat",
    volume  = "14",
    number  = "3",
    pages   = "342--351"
}

@article{przyklad,
    author  = "Autor",
    title   = "Tytuł",
    year    = "1993",
    journal = "TUGBoat",
    volume  = "14",
    number  = "3",
    pages   = "342--351"
}

@book{ksiazka,
    author = "Autor",
    title = "Tytuł",
    publisher = "Wydawnictwo",
    year = "1990"
}